@article{bonawitz2019towards,
  title={Towards federated learning at scale: System design},
  author={Bonawitz, Keith and Eichner, Hubert and Grieskamp, Wolfgang and Huba, Dzmitry and Ingerman, Alex and Ivanov, Vladimir and Kiddon, Chloe and Kone{\v{c}}n{\`y}, Jakub and Mazzocchi, Stefano and McMahan, H Brendan and others},
  journal={arXiv preprint arXiv:1902.01046},
  year={2019}
}

@article{li2020federated,
  title={Federated learning: Challenges, methods, and future directions},
  author={Li, Tian and Sahu, Anit Kumar and Talwalkar, Ameet and Smith, Virginia},
  journal={IEEE Signal Processing Magazine},
  volume={37},
  number={3},
  pages={50--60},
  year={2020},
  publisher={IEEE}
}

@article{lo2021architectural,
  title={Architectural Patterns for the Design of Federated Learning Systems},
  author={Lo, Sin Kit and Lu, Qinghua and Zhu, Liming and Paik, Hye-young and Xu, Xiwei and Wang, Chen},
  journal={arXiv preprint arXiv:2101.02373},
  year={2021}
}

@article{yuan2020hierarchical,
  title={Hierarchical Federated Learning through LAN-WAN Orchestration},
  author={Yuan, Jinliang and Xu, Mengwei and Ma, Xiao and Zhou, Ao and Liu, Xuanzhe and Wang, Shangguang},
  journal={arXiv preprint arXiv:2010.11612},
  year={2020}
}

@inproceedings{briggs2020federated,
  title={Federated learning with hierarchical clustering of local updates to improve training on non-IID data},
  author={Briggs, Christopher and Fan, Zhong and Andras, Peter},
  booktitle={2020 International Joint Conference on Neural Networks (IJCNN)},
  pages={1--9},
  year={2020},
  organization={IEEE}
}

@article{roy2019braintorrent,
  title={Braintorrent: A peer-to-peer environment for decentralized federated learning},
  author={Roy, Abhijit Guha and Siddiqui, Shayan and P{\"o}lsterl, Sebastian and Navab, Nassir and Wachinger, Christian},
  journal={arXiv preprint arXiv:1905.06731},
  year={2019}
}

@inproceedings{hegedHus2019gossip,
  title={Gossip learning as a decentralized alternative to federated learning},
  author={Heged{\H{u}}s, Istv{\'a}n and Danner, G{\'a}bor and Jelasity, M{\'a}rk},
  booktitle={IFIP International Conference on Distributed Applications and Interoperable Systems},
  pages={74--90},
  year={2019},
  organization={Springer}
}

@article{lalitha2019peer,
  title={Peer-to-peer federated learning on graphs},
  author={Lalitha, Anusha and Kilinc, Osman Cihan and Javidi, Tara and Koushanfar, Farinaz},
  journal={arXiv preprint arXiv:1901.11173},
  year={2019}
}

@article{nguyen2020self,
  title={Self-organizing democratized learning: Towards large-scale distributed learning systems},
  author={Nguyen, Minh NH and Pandey, Shashi Raj and Dang, Tri Nguyen and Huh, Eui-Nam and Hong, Choong Seon and Tran, Nguyen H and Saad, Walid},
  journal={arXiv preprint arXiv:2007.03278},
  year={2020}
}

@article{sattler2020clustered,
  title={Clustered federated learning: Model-agnostic distributed multitask optimization under privacy constraints},
  author={Sattler, Felix and M{\"u}ller, Klaus-Robert and Samek, Wojciech},
  journal={IEEE Transactions on Neural Networks and Learning Systems},
  year={2020},
  publisher={IEEE}
}

@inproceedings{freedman2003sloppy,
  title={Sloppy hashing and self-organizing clusters},
  author={Freedman, Michael J and Mazieres, David},
  booktitle={International Workshop on Peer-to-Peer Systems},
  pages={45--55},
  year={2003},
  organization={Springer}
}

@article{konevcny2016federated,
  title={Federated optimization: Distributed machine learning for on-device intelligence},
  author={Kone{\v{c}}n{\`y}, Jakub and McMahan, H Brendan and Ramage, Daniel and Richt{\'a}rik, Peter},
  journal={arXiv preprint arXiv:1610.02527},
  year={2016}
}

@article{cano2016towards,
  title={Towards geo-distributed machine learning},
  author={Cano, Ignacio and Weimer, Markus and Mahajan, Dhruv and Curino, Carlo and Fumarola, Giovanni Matteo},
  journal={arXiv preprint arXiv:1603.09035},
  year={2016}
}

@article{hu2019decentralized,
  title={Decentralized federated learning: a segmented gossip approach},
  author={Hu, Chenghao and Jiang, Jingyan and Wang, Zhi},
  journal={arXiv preprint arXiv:1908.07782},
  year={2019}
}

@inproceedings{hegedHus2019decentralized,
  title={Decentralized recommendation based on matrix factorization: a comparison of gossip and federated learning},
  author={Heged{\H{u}}s, Istv{\'a}n and Danner, G{\'a}bor and Jelasity, M{\'a}rk},
  booktitle={Joint European Conference on Machine Learning and Knowledge Discovery in Databases},
  pages={317--332},
  year={2019},
  organization={Springer}
}

@inproceedings{mcmahan2017communication,
  title={Communication-efficient learning of deep networks from decentralized data},
  author={McMahan, Brendan and Moore, Eider and Ramage, Daniel and Hampson, Seth and y Arcas, Blaise Aguera},
  booktitle={Artificial Intelligence and Statistics},
  pages={1273--1282},
  year={2017},
  organization={PMLR}
}

@article{xie2019asynchronous,
  title={Asynchronous federated optimization},
  author={Xie, Cong and Koyejo, Sanmi and Gupta, Indranil},
  journal={arXiv preprint arXiv:1903.03934},
  year={2019}
}

@article{chen2019asynchronous,
  title={Asynchronous online federated learning for edge devices},
  author={Chen, Yujing and Ning, Yue and Rangwala, Huzefa},
  journal={arXiv preprint arXiv:1911.02134},
  year={2019}
}

@article{devlin2018bert,
  title={Bert: Pre-training of deep bidirectional transformers for language understanding},
  author={Devlin, Jacob and Chang, Ming-Wei and Lee, Kenton and Toutanova, Kristina},
  journal={arXiv preprint arXiv:1810.04805},
  year={2018}
}

@article{brown2020language,
  title={Language models are few-shot learners},
  author={Brown, Tom B and Mann, Benjamin and Ryder, Nick and Subbiah, Melanie and Kaplan, Jared and Dhariwal, Prafulla and Neelakantan, Arvind and Shyam, Pranav and Sastry, Girish and Askell, Amanda and others},
  journal={arXiv preprint arXiv:2005.14165},
  year={2020}
}

@article{stich2018sparsified,
  title={Sparsified SGD with memory},
  author={Stich, Sebastian U and Cordonnier, Jean-Baptiste and Jaggi, Martin},
  journal={arXiv preprint arXiv:1809.07599},
  year={2018}
}

@article{caldas2018expanding,
  title={Expanding the reach of federated learning by reducing client resource requirements},
  author={Caldas, Sebastian and Kone{\v{c}}ny, Jakub and McMahan, H Brendan and Talwalkar, Ameet},
  journal={arXiv preprint arXiv:1812.07210},
  year={2018}
}

@inproceedings{tao2018esgd,
  title={esgd: Communication efficient distributed deep learning on the edge},
  author={Tao, Zeyi and Li, Qun},
  booktitle={$\{$USENIX$\}$ Workshop on Hot Topics in Edge Computing (HotEdge 18)},
  year={2018}
}

@inproceedings{strom2015scalable,
  title={Scalable distributed DNN training using commodity GPU cloud computing},
  author={Strom, Nikko},
  booktitle={Sixteenth Annual Conference of the International Speech Communication Association},
  year={2015}
}

@article{lim2020federated,
  title={Federated learning in mobile edge networks: A comprehensive survey},
  author={Lim, Wei Yang Bryan and Luong, Nguyen Cong and Hoang, Dinh Thai and Jiao, Yutao and Liang, Ying-Chang and Yang, Qiang and Niyato, Dusit and Miao, Chunyan},
  journal={IEEE Communications Surveys \& Tutorials},
  volume={22},
  number={3},
  pages={2031--2063},
  year={2020},
  publisher={IEEE}
}

@inproceedings{liu2020client,
  title={Client-edge-cloud hierarchical federated learning},
  author={Liu, Lumin and Zhang, Jun and Song, SH and Letaief, Khaled B},
  booktitle={ICC 2020-2020 IEEE International Conference on Communications (ICC)},
  pages={1--6},
  year={2020},
  organization={IEEE}
}


@Article{2016arXiv160205629B,
  author        = {{Brendan McMahan}, H. and {Moore}, Eider and {Ramage}, Daniel and {Hampson}, Seth and {Ag{\"u}era y Arcas}, Blaise},
  journal       = {arXiv e-prints},
  title         = {{Communication-Efficient Learning of Deep Networks from Decentralized Data}},
  year          = {2016},
  month         = feb,
  pages         = {arXiv:1602.05629},
  adsnote       = {Provided by the SAO/NASA Astrophysics Data System},
  adsurl        = {https://ui.adsabs.harvard.edu/abs/2016arXiv160205629B},
  archiveprefix = {arXiv},
  eid           = {arXiv:1602.05629},
  eprint        = {1602.05629},
  keywords      = {Computer Science - Machine Learning},
  primaryclass  = {cs.LG},
}

@Article{2016arXiv161005202V,
  author        = {{Vanhaesebrouck}, Paul and {Bellet}, Aur{\'e}lien and {Tommasi}, Marc},
  journal       = {arXiv e-prints},
  title         = {{Decentralized Collaborative Learning of Personalized Models over Networks}},
  year          = {2016},
  month         = oct,
  pages         = {arXiv:1610.05202},
  adsnote       = {Provided by the SAO/NASA Astrophysics Data System},
  adsurl        = {https://ui.adsabs.harvard.edu/abs/2016arXiv161005202V},
  archiveprefix = {arXiv},
  eid           = {arXiv:1610.05202},
  eprint        = {1610.05202},
  keywords      = {Computer Science - Machine Learning, Computer Science - Artificial Intelligence, Computer Science - Distributed, Parallel, and Cluster Computing, Computer Science - Systems and Control, Statistics - Machine Learning},
  primaryclass  = {cs.LG},
}

@Article{2017arXiv170509056L,
  author        = {{Lian}, Xiangru and {Zhang}, Ce and {Zhang}, Huan and {Hsieh}, Cho-Jui and {Zhang}, Wei and {Liu}, Ji},
  journal       = {arXiv e-prints},
  title         = {{Can Decentralized Algorithms Outperform Centralized Algorithms? A Case Study for Decentralized Parallel Stochastic Gradient Descent}},
  year          = {2017},
  month         = may,
  pages         = {arXiv:1705.09056},
  adsnote       = {Provided by the SAO/NASA Astrophysics Data System},
  adsurl        = {https://ui.adsabs.harvard.edu/abs/2017arXiv170509056L},
  archiveprefix = {arXiv},
  eid           = {arXiv:1705.09056},
  eprint        = {1705.09056},
  keywords      = {Mathematics - Optimization and Control, Computer Science - Distributed, Parallel, and Cluster Computing, Computer Science - Machine Learning, Statistics - Machine Learning},
  primaryclass  = {math.OC},
}

@ARTICLE{2018arXiv180307068T,
       author = {{Tang}, Hanlin and {Lian}, Xiangru and {Yan}, Ming and {Zhang}, Ce and {Liu}, Ji},
        title = "{D$^2$: Decentralized Training over Decentralized Data}",
      journal = {arXiv e-prints},
     keywords = {Computer Science - Distributed, Parallel, and Cluster Computing, Computer Science - Machine Learning, Statistics - Machine Learning},
         year = 2018,
        month = mar,
          eid = {arXiv:1803.07068},
        pages = {arXiv:1803.07068},
archivePrefix = {arXiv},
       eprint = {1803.07068},
 primaryClass = {cs.DC},
       adsurl = {https://ui.adsabs.harvard.edu/abs/2018arXiv180307068T},
      adsnote = {Provided by the SAO/NASA Astrophysics Data System}
}

@ARTICLE{2019arXiv190201046B,
       author = {{Bonawitz}, Keith and {Eichner}, Hubert and {Grieskamp}, Wolfgang and {Huba}, Dzmitry and {Ingerman}, Alex and {Ivanov}, Vladimir and {Kiddon}, Chloe and {Kone{\v{c}}n{\'y}}, Jakub and {Mazzocchi}, Stefano and {McMahan}, H. Brendan and {Van Overveldt}, Timon and {Petrou}, David and {Ramage}, Daniel and {Roselander}, Jason},
        title = "{Towards Federated Learning at Scale: System Design}",
      journal = {arXiv e-prints},
     keywords = {Computer Science - Machine Learning, Computer Science - Distributed, Parallel, and Cluster Computing, Statistics - Machine Learning},
         year = 2019,
        month = feb,
          eid = {arXiv:1902.01046},
        pages = {arXiv:1902.01046},
archivePrefix = {arXiv},
       eprint = {1902.01046},
 primaryClass = {cs.LG},
       adsurl = {https://ui.adsabs.harvard.edu/abs/2019arXiv190201046B},
      adsnote = {Provided by the SAO/NASA Astrophysics Data System}
}

@ARTICLE{2019arXiv191204977K,
       author = {{Kairouz}, Peter and {McMahan}, H. Brendan and {Avent}, Brendan and {Bellet}, Aur{\'e}lien and {Bennis}, Mehdi and {Nitin Bhagoji}, Arjun and {Bonawitz}, Kallista and {Charles}, Zachary and {Cormode}, Graham and {Cummings}, Rachel and {D'Oliveira}, Rafael G.~L. and {Eichner}, Hubert and {El Rouayheb}, Salim and {Evans}, David and {Gardner}, Josh and {Garrett}, Zachary and {Gasc{\'o}n}, Adri{\`a} and {Ghazi}, Badih and {Gibbons}, Phillip B. and {Gruteser}, Marco and {Harchaoui}, Zaid and {He}, Chaoyang and {He}, Lie and {Huo}, Zhouyuan and {Hutchinson}, Ben and {Hsu}, Justin and {Jaggi}, Martin and {Javidi}, Tara and {Joshi}, Gauri and {Khodak}, Mikhail and {Kone{\v{c}}n{\'y}}, Jakub and {Korolova}, Aleksandra and {Koushanfar}, Farinaz and {Koyejo}, Sanmi and {Lepoint}, Tancr{\`e}de and {Liu}, Yang and {Mittal}, Prateek and {Mohri}, Mehryar and {Nock}, Richard and {{\"O}zg{\"u}r}, Ayfer and {Pagh}, Rasmus and {Raykova}, Mariana and {Qi}, Hang and {Ramage}, Daniel and {Raskar}, Ramesh and {Song}, Dawn and {Song}, Weikang and {Stich}, Sebastian U. and {Sun}, Ziteng and {Theertha Suresh}, Ananda and {Tram{\`e}r}, Florian and {Vepakomma}, Praneeth and {Wang}, Jianyu and {Xiong}, Li and {Xu}, Zheng and {Yang}, Qiang and {Yu}, Felix X. and {Yu}, Han and {Zhao}, Sen},
        title = "{Advances and Open Problems in Federated Learning}",
      journal = {arXiv e-prints},
     keywords = {Computer Science - Machine Learning, Computer Science - Cryptography and Security, Statistics - Machine Learning},
         year = 2019,
        month = dec,
          eid = {arXiv:1912.04977},
        pages = {arXiv:1912.04977},
archivePrefix = {arXiv},
       eprint = {1912.04977},
 primaryClass = {cs.LG},
       adsurl = {https://ui.adsabs.harvard.edu/abs/2019arXiv191204977K},
      adsnote = {Provided by the SAO/NASA Astrophysics Data System}
}

@INPROCEEDINGS{9207469,  author={C. {Briggs} and Z. {Fan} and P. {Andras}},  booktitle={2020 International Joint Conference on Neural Networks (IJCNN)},   title={Federated learning with hierarchical clustering of local updates to improve training on non-IID data},   year={2020},  volume={},  number={},  pages={1-9},  doi={10.1109/IJCNN48605.2020.9207469}}@ARTICLE{2019arXiv190606629G,
       author = {{Ghosh}, Avishek and {Hong}, Justin and {Yin}, Dong and {Ramchandran}, Kannan},
        title = "{Robust Federated Learning in a Heterogeneous Environment}",
      journal = {arXiv e-prints},
     keywords = {Computer Science - Machine Learning, Statistics - Machine Learning},
         year = 2019,
        month = jun,
          eid = {arXiv:1906.06629},
        pages = {arXiv:1906.06629},
archivePrefix = {arXiv},
       eprint = {1906.06629},
 primaryClass = {cs.LG},
       adsurl = {https://ui.adsabs.harvard.edu/abs/2019arXiv190606629G},
      adsnote = {Provided by the SAO/NASA Astrophysics Data System}
}

@ARTICLE{9174890,  author={F. {Sattler} and K. -R. {Müller} and W. {Samek}},  journal={IEEE Transactions on Neural Networks and Learning Systems},   title={Clustered Federated Learning: Model-Agnostic Distributed Multitask Optimization Under Privacy Constraints},   year={2020},  volume={},  number={},  pages={1-13},  doi={10.1109/TNNLS.2020.3015958}}@INPROCEEDINGS{9016505,  author={L. U. {Khan} and M. {Alsenwi} and Z. {Han} and C. S. {Hong}},  booktitle={2020 International Conference on Information Networking (ICOIN)},   title={Self Organizing Federated Learning Over Wireless Networks: A Socially Aware Clustering Approach},   year={2020},  volume={},  number={},  pages={453-458},  doi={10.1109/ICOIN48656.2020.9016505}}
@Comment{jabref-meta: databaseType:bibtex;}

@article{hegedHus2021decentralized,
  title={Decentralized learning works: An empirical comparison of gossip learning and federated learning},
  author={Heged{\H{u}}s, Istv{\'a}n and Danner, G{\'a}bor and Jelasity, M{\'a}rk},
  journal={Journal of Parallel and Distributed Computing},
  volume={148},
  pages={109--124},
  year={2021},
  publisher={Elsevier}
}


@inproceedings{jameel2019ring,
  title={Ring-Star: A Sparse Topology for Faster Model Averaging in Decentralized Parallel SGD},
  author={Jameel, Mohsan and Grabocka, Josif and Schmidt-Thieme, Lars and others},
  booktitle={Joint European Conference on Machine Learning and Knowledge Discovery in Databases},
  pages={333--341},
  year={2019},
  organization={Springer}
}

@inproceedings{giaretta2019gossip,
  title={Gossip learning: Off the beaten path},
  author={Giaretta, Lodovico and Girdzijauskas, {\v{S}}ar{\=u}nas},
  booktitle={2019 IEEE International Conference on Big Data (Big Data)},
  pages={1117--1124},
  year={2019},
  organization={IEEE}
}

@article{savazzi2020federated,
  title={Federated learning with cooperating devices: A consensus approach for massive IoT networks},
  author={Savazzi, Stefano and Nicoli, Monica and Rampa, Vittorio},
  journal={IEEE Internet of Things Journal},
  volume={7},
  number={5},
  pages={4641--4654},
  year={2020},
  publisher={IEEE}
}